@misc{reuters-ex,
title = {{China maintains strong demand for U.S. corn, soy: USDA | Reuters}},
url = {https://www.reuters.com/article/us-usa-trade-china-soybeans-idUSKBN26224K},
urldate = {2021-02-03},
year = {2020}
}

@article{Yu2011,
author = {Yu, Cn},
number = {January},
pages = {1--189},
title = {{Improved Learning of Structural Support Vector Machines: Training With Latent Variables and Nonlinear Kernels}},
url = {http://webdocs.cs.ualberta.ca/$\sim$chunnam/papers/thesis_cnyu.pdf},
year = {2011}
}

@misc{reuters,
author = {David D. Lewis},
title = {{UCI Machine Learning Repository: Reuters-21578 Text Categorization Collection Data Set}},
url = {https://archive.ics.uci.edu/ml/datasets/Reuters-21578+Text+Categorization+Collection},
urldate = {2021-02-03},
year = {1987}
}

@article{Rahmawati2015,
author = {Rahmawati, Dyah and Khodra, Masayu Leylia},
doi = {10.1109/ICAICTA.2015.7335382},
isbn = {9781467381437},
journal = {ICAICTA 2015 - 2015 International Conference on Advanced Informatics: Concepts, Theory and Applications},
keywords = {Indonesian news articles,algorithm adaptation,feature selection,multilabel classification,problem transformation},
pages = {1--6},
title = {{Automatic multilabel classification for Indonesian news articles}},
year = {2015}
}

@article{Tsochantaridis2005,
author = {Tsochantaridis, Ioannis and Joachims, Thorsten and Hofmann, Thomas and Altun, Yasemin},
issn = {15337928},
journal = {Journal of Machine Learning Research},
pages = {1453--1484},
title = {{Large margin methods for structured and interdependent output variables}},
volume = {6},
year = {2005}
}

@article{B.Chrystal2015,
author = {B.Chrystal, Jincy and Joseph, Stephy},
doi = {10.5121/ijaia.2015.6306},
journal = {International Journal of Artificial Intelligence {\&} Applications},
number = {3},
pages = {61--68},
title = {{Multi-Label Classification of Product Reviews Using Structured SVM}},
volume = {6},
year = {2015}
}

@misc{scikit, 
title={Metrics and scoring: quantifying the quality of predictions}, 
url={https://scikit-learn.org/stable/modules/model_evaluation.html#hamming-loss}, 
journal={scikit},
year = {2007}
}

@article{Finley2009,
author = {Finley, Thomas W.},
journal = {Development},
number = {January},
title = {{Supervised Clustering With Structural Svms}},
year = {2009}
}

@article{Zhang2010,
author = {Zhang, Xiaoli and Zou, Jie and Le, Daniel X. and Thoma, George R.},
doi = {10.1109/ICMLA.2010.77},
isbn = {9780769543000},
journal = {Proceedings - 9th International Conference on Machine Learning and Applications, ICMLA 2010},
keywords = {Contextual features,MEDLINE,Reference parsing,Stuctural SVM},
pages = {479--484},
title = {{A structural SVM approach for reference parsing}},
year = {2010}
}





